@misc{retroIngenieury,
    author = {Community},
    title = {Retro Ingenieurie},
    url = {https://fr.wikipedia.org/wiki/Retro-ingenierie}
}

@misc{reversingHero,
    author = {Xorpd},
    title = {Reversing Hero},
    url = {https://www.reversinghero.com/}
}

@misc{ghidra,
    url = {https://github.com/NationalSecurityAgency/ghidra},
    title = {Ghidra},
    author = {NSA}
}

@misc{idafree,
    url = {https://hex-rays.com/} ,
    title = {Interactive DisasAssembler},
    author = {Hex-ray}
}

