@inproceedings{origin,
  author    = {unknown},
  title     = {HBFU Beamer Theme},
  year      = {2023},
  url       = {http://far.tooold.cn/post/latex/beamertsinghua},
}