@misc{Wiki,
    author = {Anonymes},
	title = {Générateur de nombres pseudo-aléatoires},
    url = {https://fr.wikipedia.org/wiki/G%C3%A9n%C3%A9rateur_de_nombres_pseudo-al%C3%A9atoires},
}

@misc{WikiInfo,
    author = {Anonymes},
    title = {Informatique},
    url = {https://fr.wikipedia.org/wiki/Informatique}
}

@book{CPCB,
    author = {Clifford A. Pickover},
    year = {2012},
    title = {Computers, Pattern, Chaos and Beauty},
    publisher = {Courier Corporation},
    isbn = {9780486151618},
    url = {https://books.google.fr/books?id=xnzCAgAAQBAJ&printsec=frontcover&redir_esc=y#v=onepage&q&f=false}
}

@article{PRNGS,
    author = {John Viega},
    title ={Practical Random Number Generation in Software},
    journal = {acsac},
    year = {2003},
    url = {https://www.acsac.org/2003/papers/79.pdf}
}

@misc{jeuxSociete,
    url = {https://www.businesscoot.com/fr/etude/le-marche-des-jeux-de-societe-france},
    title = {Marché du jeux de société},
    author = {Businesscoot} 
}

@misc{VN_algo,
    author = {Anonyme},
    title = {Méthode du Carré médian},
    url = {https://fr.wikipedia.org/wiki/Méthode_du_carré_médian} 
}

@book{RefGen,
    author = {Donald E.Knuth} ,
    title = {The Art of Computer Programming, Volume 2: Seminumerical Algorithms},
    publisher = {Addison Wesley},
    year = {1997}
}

@misc{lavarand,
    author = {Cloudflare},
    url = {https://fr.wikipedia.org/wiki/Lavarand} 
}

@book{historique,
    author = {J.M.Sengupta, Nikhilesh Bhattacharya},
    title = {Table of random normal deviates},
    publisher = {Indian Statistical Institute, Calcutta},
    year = {1958}
}

@book{RAND,
    author = {RAND},
    title = {A Million Random Digits with 100,000 Normal Deviates},
    publisher = {The Free Pres},
    year = {1955}
}

@misc{ERNIE,
    title = {ERNIE — an incredible computer based on military technologies},
    url = {https://medium.com/serverspace-cloud/ernie-an-incredible-computer-based-on-military-technologies-ba4c3bcc4fca},
    author = {Valentin Holmogorov}
}

@book{SyposiumMonteCarlo,
    author = {Herbert A. Meyer},
    title = {Symposium on Monte Carlo Methods},
    publisher = {Wiley},
    year = {1956}
}

@book{MonteCarloPRNG,
    author = {Malvin H. Kalos, Paula A. Whitlock},
    title = {Monte Carlo Methods, Second Revised and Enlarged Edition},
    publisher = {Wiley-VCH},
    year = 2008
}


@article{refPI,
    author = {Martin Gardner},
    journal = {Scientific American},
    title = {Mathematical Games},
    year = 1965,
    month = 1
}

@article{MersenneTwister,
    author = {M. Matsumoto and T. Nishimura},
    title = {Mersenne Twister: A 623-dimensionally equidistributed uniform pseudorandom number generator},
    journal = { ACM Trans. on Modeling and Computer Simulation Vol. 8},
    year = {1998}
}


@article{WichmannHill,
    author = {Brian A.Wichmann, David I.Hill},
    title = {Algorithm AS 183: An Efficient and Portable Pseudo-Random Number Generator},
    journal = {Journal of the Royal Statistical Society. Series C (Applied Statistics)},
    year = {1982}
}

@article{BlumBlumShub,
    author = {Lenore Blum, Manuel Blum et Michael Shub},
    title = {A Simple Unpredictable Pseudo-Random Number Generator},
    journal = {SIAM Journal on Computing, vol. 15},
    year = {1986}
}

@article{spectralTest,
    author = {R. R.Coveyou et R. D.MacPherson},
    title = {Fourier analysis of uniform random number generators},
    publisher = {Journal of the Association for Computing Machinery},
    year = {1967}
}

@article{lehmer,
    author = {Derrick Henry Lehmer},
    chapter = {Mathematical methods in large-scale computing units},
    title = {Proceedings of a Second Symposium on Large-Scale Digital Calculating Machinery},
    journal = {Annals of the Computation Laboratory of Harvard University, Vol. 26},
    year = {1951}
}

@misc{lehmerPRNG,
    author = {Anonyme},
    url = {https://en.wikipedia.org/wiki/Lehmer_random_number_generator} 
}

@article{ParkMiller,
    author = {Park, Stephen K.; Miller, Keith W.},
    title = {Random Number Generators: Good Ones Are Hard To Find},
    journal = {Communications of the ACM},
    year = {1988}
}


@article{Multiply&Carry,
    author = {G. Marsaglia, A. Zaman},
    title = {A new class of random number generators},
    journal = {The Annals of Applied Probability},
    year = {1991}
}

@article{Tausworthe,
    author = {R.C. Tausworthe},
    title = {Random numbers generated by linear recurrence modulo two},
    journal = {Mathematics of Computation} ,
    year = {1965}
}

@article{EmpiricalSpectraltest,
    author = {Zeitler D., McKean J. and Kapenga J.},
    title = {Empirical spectral analysis of random number generators},
    journal = {Computing Science and Statistics},
    year = {2002}
}

@misc{khi-deux,
    title = {Test du khi carré},
    url = {https://fr.wikipedia.org/wiki/Test_du_%CF%87%C2%B2}
}

@article{shishua,
    author = {Thaddée Tyl},
    title = {SHISHUA: The Fastest Pseudo-Random Generator In the World},
    journal = {espadrine blog},
    url = {https://espadrine.github.io/blog/posts/shishua-the-fastest-prng-in-the-world.html},
    year = {2020}
}

@misc{wu2024pseudorandomnumbergeneratormultisequence,
      title={A Pseudo-random Number Generator for Multi-Sequence Generation with Programmable Statistics}, 
      author={Jianan Wu and Ahmet Yusuf Salim and Eslam Elmitwalli and Selçuk Köse and Zeljko Ignjatovic},
      year={2024},
      eprint={2501.00193},
      archivePrefix={arXiv},
      primaryClass={cs.CR},
      url={https://arxiv.org/abs/2501.00193}, 
}

